@article{mesnard_barba_2017,
    title={Reproducible and replicable computational fluid dynamics: it's harder than you think},
    author={Mesnard, Olivier and Barba, Lorena A},
    journal={Computing in Science \& Engineering},
    volume={19},
    number={4},
    pages={44},
    year={2017},
    publisher={IEEE Computer Society},
    doi={10.1109/MCSE.2017.3151254},
    url={https://doi.org/10.1109/MCSE.2017.3151254}
}

@article{socha_2011,
    author={Socha, John J.},
    title={Gliding Flight in Chrysopelea: Turning a Snake into a Wing},
    journal={Integrative and Comparative Biology},
    volume={51},
    number={6},
    pages={969-982},
    year={2011},
    month={08},
    issn={1540-7063},
    doi={10.1093/icb/icr092},
    url={https://dx.doi.org/10.1093/icb/icr092},
    eprint={http://oup.prod.sis.lan/icb/article-pdf/51/6/969/17177198/icr092.pdf},
}


